<record><leader>00000cas a22000007a 4500</leader><controlfield tag="001">11765777</controlfield><controlfield tag="008">850305d18711871wiudr ne      0    0eng d</controlfield><datafield ind1=" " ind2=" " tag="010"><subfield code="a">sn 85040284 </subfield></datafield><datafield ind1=" " ind2=" " tag="040"><subfield code="a">NPV</subfield><subfield code="b">eng</subfield><subfield code="c">NPV</subfield><subfield code="d">GUA</subfield><subfield code="d">CRL</subfield><subfield code="d">OCLCQ</subfield></datafield><datafield ind1=" " ind2=" " tag="042"><subfield code="a">msc</subfield></datafield><datafield ind1=" " ind2=" " tag="043"><subfield code="a">n-us-wi</subfield></datafield><datafield ind1=" " ind2=" " tag="045"><subfield code="a">w7w7</subfield></datafield><datafield ind1=" " ind2=" " tag="052"><subfield code="a">4123</subfield><subfield code="b">L2</subfield></datafield><datafield ind1="0" ind2=" " tag="130"><subfield code="a">Republican and leader (La Crosse, Wis. : 1871 : Daily)</subfield></datafield><datafield ind1="1" ind2="0" tag="245"><subfield code="a">Republican and leader.</subfield></datafield><datafield ind1=" " ind2=" " tag="260"><subfield code="a">La Crosse, Wis. :</subfield><subfield code="b">Republican and Leader Print. Co.,</subfield><subfield code="c">1871.</subfield></datafield><datafield ind1=" " ind2=" " tag="300"><subfield code="a">1 v. :</subfield><subfield code="b">ill.</subfield></datafield><datafield ind1=" " ind2=" " tag="310"><subfield code="a">Daily</subfield></datafield><datafield ind1="0" ind2=" " tag="362"><subfield code="a">Vol. 17, no. 247 (Aug. 13, 1871)-v. 17, no. 248 (Aug. 15, 1871).</subfield></datafield><datafield ind1=" " ind2=" " tag="500"><subfield code="a">Continues numbering of: La Crosse daily Republican.</subfield></datafield><datafield ind1=" " ind2=" " tag="530"><subfield code="a">Available on microfilm from The State Historical Society of Wisconsin.</subfield></datafield><datafield ind1=" " ind2=" " tag="752"><subfield code="a">United States</subfield><subfield code="b">Wisconsin</subfield><subfield code="c">La Crosse</subfield><subfield code="d">La Crosse.</subfield></datafield><datafield ind1="0" ind2=" " tag="775"><subfield code="t">Republican and leader (La Crosse, Wis. : 1871 : Weekly)</subfield></datafield><datafield ind1="0" ind2="4" tag="780"><subfield code="t">Crosse daily Republican</subfield><subfield code="w">(DLC)sn 85040283</subfield><subfield code="w">(OCoLC)11765670</subfield></datafield><datafield ind1="0" ind2="4" tag="780"><subfield code="t">Crosse morning leader</subfield><subfield code="w">(DLC)sn 85040217</subfield><subfield code="w">(OCoLC)11667201</subfield></datafield><datafield ind1="0" ind2="0" tag="785"><subfield code="t">Daily Republican and leader</subfield><subfield code="w">(DLC)sn 85033124</subfield><subfield code="w">(OCoLC)11674304</subfield></datafield></record>